@article {JCC:JCC25054,
author = {Mills, Matthew J. L. and Sale, Kenneth L. and Simmons, Blake A. and Popelier, Paul L. A.},
title = {Rhorix: An interface between quantum chemical topology and the 3D graphics program blender},
journal = {Journal of Computational Chemistry},
volume = {38},
number = {29},
issn = {1096-987X},
url = {http://dx.doi.org/10.1002/jcc.25054},
doi = {10.1002/jcc.25054},
pages = {2538--2552},
keywords = {quantum chemical topology, quantum theory of atoms in molecules, blender, molecular graphics, visualization},
year = {2017},
}
