@misc{RN1,
   DOI= {tbd},
   url = {https://github.com/MJLMills/rhorix},
   year = {2017},
   type = {Computer Program}
}

